<?xml version="1.0" encoding="UTF-8"?>
<record>
  <leader>00900nam#a2200337#c#4500</leader>
  <controlfield tag="005">20211022111700.0</controlfield>
  <controlfield tag="007">tu</controlfield>
  <controlfield tag="008">211014|2020####gw############|||#|#ger#c</controlfield>
  <controlfield tag="003">DE-605</controlfield>
  <controlfield tag="001">99371014448006441</controlfield>
  <datafield tag="020" ind1=" " ind2=" ">
    <subfield code="a">9783872768865</subfield>
    <subfield code="c">pbk.</subfield>
    <subfield code="9">978-3-87276-886-5</subfield>
  </datafield>
  <datafield tag="035" ind1=" " ind2=" ">
    <subfield code="a">(DE-605)HT021117356</subfield>
  </datafield>
  <datafield tag="040" ind1=" " ind2=" ">
    <subfield code="c">DE-605</subfield>
    <subfield code="a">38/459</subfield>
    <subfield code="b">ger</subfield>
    <subfield code="d">38/459</subfield>
    <subfield code="e">rda</subfield>
    <subfield code="d">DE-605</subfield>
  </datafield>
  <datafield tag="041" ind1=" " ind2=" ">
    <subfield code="a">ger</subfield>
  </datafield>
  <datafield tag="044" ind1=" " ind2=" ">
    <subfield code="c">XA-DE-BW</subfield>
  </datafield>
  <datafield tag="100" ind1="1" ind2=" ">
    <subfield code="a">Rickmeyer, Jens</subfield>
    <subfield code="d">1945-</subfield>
    <subfield code="0">(DE-588)1031275339</subfield>
    <subfield code="4">aut</subfield>
  </datafield>
  <datafield tag="245" ind1="1" ind2="0">
    <subfield code="a">Japanische Morphosyntax</subfield>
    <subfield code="c">Jens Rickmeyer</subfield>
  </datafield>
  <datafield tag="250" ind1=" " ind2=" ">
    <subfield code="a">3., verbesserte Auflage</subfield>
  </datafield>
  <datafield tag="264" ind1=" " ind2="1">
    <subfield code="a">Tübingen</subfield>
    <subfield code="b">Edition Julius Groos</subfield>
    <subfield code="c">2020</subfield>
  </datafield>
  <datafield tag="300" ind1=" " ind2=" ">
    <subfield code="a">458 Seiten</subfield>
  </datafield>
  <datafield tag="336" ind1=" " ind2=" ">
    <subfield code="b">txt</subfield>
  </datafield>
  <datafield tag="337" ind1=" " ind2=" ">
    <subfield code="b">n</subfield>
  </datafield>
  <datafield tag="338" ind1=" " ind2=" ">
    <subfield code="b">nc</subfield>
  </datafield>
  <datafield tag="688" ind1=" " ind2=" ">
    <subfield code="a">Linguistik und Spracherwerb</subfield>
  </datafield>
  <datafield tag="688" ind1=" " ind2=" ">
    <subfield code="a">Gegenwartssprache</subfield>
  </datafield>
  <datafield tag="688" ind1=" " ind2=" ">
    <subfield code="a">Grammatik</subfield>
  </datafield>
  <datafield tag="688" ind1=" " ind2=" ">
    <subfield code="a">Morphologie</subfield>
  </datafield>
  <datafield tag="688" ind1=" " ind2=" ">
    <subfield code="a">Syntax</subfield>
  </datafield>
  <datafield tag="964" ind1="0" ind2="s">
    <subfield code="F">051</subfield>
    <subfield code="A">m|||||||</subfield>
  </datafield>
  <datafield tag="964" ind1="0" ind2="s">
    <subfield code="F">030</subfield>
    <subfield code="A">a||dr||||||17</subfield>
  </datafield>
  <datafield tag="964" ind1="0" ind2="s">
    <subfield code="F">050</subfield>
    <subfield code="A">a|a|||||||||||</subfield>
  </datafield>
  <datafield tag="035" ind1=" " ind2=" ">
    <subfield code="a">(DE-599)HBZHT021117356</subfield>
  </datafield>
  <datafield tag="MBD" ind1=" " ind2=" ">
    <subfield code="M">49HBZ_NETWORK</subfield>
    <subfield code="i">99371014448006441</subfield>
    <subfield code="n">HBZ Network</subfield>
  </datafield>
  <datafield tag="MNG" ind1=" " ind2=" ">
    <subfield code="c">System</subfield>
    <subfield code="f">HBZ</subfield>
    <subfield code="i">marc21</subfield>
    <subfield code="h">20211022111700.0</subfield>
    <subfield code="k">01</subfield>
    <subfield code="e">false</subfield>
    <subfield code="d">2021-10-22 12:01:03 Europe/Berlin</subfield>
    <subfield code="g">HT021117356</subfield>
    <subfield code="j">60</subfield>
    <subfield code="a">System</subfield>
    <subfield code="b">2021-10-14 12:00:57 Europe/Berlin</subfield>
  </datafield>
</record>
